<record><leader>00000cas a22000007a 4500</leader><controlfield tag="001">24582601</controlfield><controlfield tag="008">911018d1879188umnuwr ne      0    0eng d</controlfield><datafield ind1=" " ind2=" " tag="010"><subfield code="a">sn 91066794 </subfield></datafield><datafield ind1=" " ind2=" " tag="040"><subfield code="a">NYS</subfield><subfield code="b">eng</subfield><subfield code="c">NYS</subfield><subfield code="d">OCLCQ</subfield><subfield code="d">OCLCF</subfield><subfield code="d">OCLCO</subfield></datafield><datafield ind1="1" ind2=" " tag="029"><subfield code="a">AU@</subfield><subfield code="b">000025853106</subfield></datafield><datafield ind1=" " ind2=" " tag="042"><subfield code="a">msc</subfield></datafield><datafield ind1=" " ind2=" " tag="043"><subfield code="a">n-us-mn</subfield></datafield><datafield ind1="0" ind2="0" tag="245"><subfield code="a">Houston County Argus.</subfield></datafield><datafield ind1=" " ind2=" " tag="260"><subfield code="a">Caledonia, Minn. :</subfield><subfield code="b">P.J. Smalley</subfield></datafield><datafield ind1=" " ind2=" " tag="300"><subfield code="a">v.</subfield></datafield><datafield ind1=" " ind2=" " tag="310"><subfield code="a">Weekly</subfield></datafield><datafield ind1="1" ind2=" " tag="362"><subfield code="a">Began in 1879?</subfield></datafield><datafield ind1=" " ind2=" " tag="588"><subfield code="a">Description based on: Vol. 3, no. 36 (May 4, 1882).</subfield></datafield><datafield ind1=" " ind2="0" tag="651"><subfield code="a">Caledonia (Minn.)</subfield><subfield code="v">Newspapers.</subfield></datafield><datafield ind1=" " ind2="7" tag="655"><subfield code="a">Newspapers.</subfield><subfield code="2">fast</subfield><subfield code="0">(OCoLC)fst01423814</subfield></datafield><datafield ind1=" " ind2="7" tag="651"><subfield code="a">Minnesota</subfield><subfield code="z">Caledonia.</subfield><subfield code="2">fast</subfield><subfield code="0">(OCoLC)fst01223699</subfield></datafield><datafield ind1=" " ind2=" " tag="752"><subfield code="a">United States</subfield><subfield code="b">Minnesota</subfield><subfield code="c">Houston</subfield><subfield code="d">Caledonia.</subfield></datafield><datafield ind1="0" ind2="0" tag="785"><subfield code="t">Caledonia Argus (Caledonia, Minn.)</subfield><subfield code="w">(DLC)sn 91059043</subfield></datafield></record>